@Article{MR-GB:11,
  author = {G. Qu and N. Li},
  title = {"Harnessing smoothness to accelerate distributed optimization"},
  articles = {IEEE Transactions on Control of Network Systems},
  year = {2017},
  OPTkey = 	 {},
  OPTvolume = 	 {1},
  OPTnumber = 	 {2},
  OPTpages = 	 {1-10},
  OPTmonth = 	 {},
  OPTnote = 	 {},
  OPTannote = 	 {}
}
@Article{MR-GB:11,
  author = {Alessandro Rucco},
  title = {"MPI - High Performance Message Passing Library"},
  articles = {Control Optimization and Robotics group},
  year = {2017},
  OPTkey = 	 {},
  OPTvolume = 	 {1},
  OPTnumber = 	 {2},
  OPTpages = 	 {1-10},
  OPTmonth = 	 {},
  OPTnote = 	 {},
  OPTannote = 	 {}
}

